{\rtf1\ansi\ansicpg1252\cocoartf1187\cocoasubrtf400
{\fonttbl\f0\fmodern\fcharset0 Courier;}
{\colortbl;\red255\green255\blue255;}
\paperw11900\paperh16840\margl1440\margr1440\vieww21240\viewh9880\viewkind0
\deftab720
\pard\pardeftab720
\f0\fs24 \cf0 @comment http://bib-it.sourceforge.net/help/fieldsAndEntryTypes.php gives many types of entry

@article{musser1997introspective,
  title={Introspective sorting and selection algorithms},
  author={Musser, David R},
  journal={Software: Practice and Experience},
  volume={27},
  number={8},
  pages={983--993},
  year={1997},
  publisher={Wiley Online Library}
}

@article{bender2006insertion,
  title={Insertion sort is O (n log n)},
  author={Bender, Michael A and Farach-Colton, Martin and Mosteiro, Miguel A},
  journal={Theory of Computing Systems},
  volume={39},
  number={3},
  pages={391--397},
  year={2006},
  publisher={Springer}
}

@inproceedings{satish2009designing,
  title={Designing efficient sorting algorithms for manycore GPUs},
  author={Satish, Nadathur and Harris, Mark and Garland, Michael},
  booktitle={2009 IEEE International Symposium on Parallel \& Distributed Processing},
  pages={1--10},
  year={2009},
  organization={IEEE}
}

@comment  Website with the competition on sorting
@misc{SortBenchmark,
  title = {{SortBenchmark} SortBenchmark.org},
  howpublished = {\url{http://sortbenchmark.org}},
  author={Gray, Jim},
  note = {Accessed: 2019-04-15}
}

@comment Mail with the test of Timsort. Only reference I could find
@misc{Timsort,
  title = {{Timsort} Python-Dev Sorting},
  howpublished = {\url{https://mail.python.org/pipermail/python-dev/2002-July/026837.html}},
  author={Peters, Tim},
  note = {Accessed: 2019-04-15}
}

@article{Huang:1988:PIM:42392.42403,
 author = {Huang, Bing-Chao and Langston, Michael A.},
 title = {Practical In-place Merging},
 journal = {Commun. ACM},
 issue_date = {March 1988},
 volume = {31},
 number = {3},
 month = mar,
 year = {1988},
 issn = {0001-0782},
 pages = {348--352},
 numpages = {5},
 url = {http://doi.acm.org/10.1145/42392.42403},
 doi = {10.1145/42392.42403},
 acmid = {42403},
 publisher = {ACM},
 address = {New York, NY, USA}}
 
 @article{cole1988parallel,
  title={Parallel merge sort},
  author={Cole, Richard},
  journal={SIAM Journal on Computing},
  volume={17},
  number={4},
  pages={770--785},
  year={1988},
  publisher={SIAM}
}

@comment  Textbook with basic algorithms
@book{knuth1997artInsert,
  title={The art of computer programming: sorting and searching. 5.2.1: Sorting by Insertion},
  author={Knuth, Donald Ervin},
  volume={3},
  year={1997},
  publisher={Pearson Education},
}

@book{knuth1997artShell,
  title={The art of computer programming: sorting and searching. Shell's method},
  author={Knuth, Donald Ervin},
  volume={3},
  year={1997},
  pages={83--95},
  publisher={Pearson Education},
}

@book{knuth1997artMerge,
  title={The art of computer programming: sorting and searching. 5.2.4: Sorting by Merging},
  author={Knuth, Donald Ervin},
  volume={3},
  year={1997},
  publisher={Pearson Education},
}

@comment  Fastest theoretical algorithm now a day. Pretty complicated, only use it for reference.
@inproceedings{han2002integer,
  title={Integer sorting in O (n/spl radic/(log log n)) expected time and linear space},
  author={Han, Yijie and Thorup, Mikkel},
  booktitle={The 43rd Annual IEEE Symposium on Foundations of Computer Science, 2002. Proceedings.},
  pages={135--144},
  year={2002},
  organization={IEEE}
}

@article{chhugani2008efficient,
  title={Efficient implementation of sorting on multi-core SIMD CPU architecture},
  author={Chhugani, Jatin and Nguyen, Anthony D and Lee, Victor W and Macy, William and Hagog, Mostafa and Chen, Yen-Kuang and Baransi, Akram and Kumar, Sanjeev and Dubey, Pradeep},
  journal={Proceedings of the VLDB Endowment},
  volume={1},
  number={2},
  pages={1313--1324},
  year={2008},
  publisher={VLDB Endowment}
}

@inproceedings{hou2017fast,
  title={Fast segmented sort on GPUs},
  author={Hou, Kaixi and Liu, Weifeng and Wang, Hao and Feng, Wu-chun},
  booktitle={Proceedings of the International Conference on Supercomputing},
  pages={12},
  year={2017},
  organization={ACM}
}

@inproceedings{batcher1968sorting,
  title={Sorting networks and their applications},
  author={Batcher, Kenneth E},
  booktitle={Proceedings of the April 30--May 2, 1968, spring joint computer conference},
  pages={307--314},
  year={1968},
  organization={ACM}
}

@article{lamarca1999influence,
  title={The influence of caches on the performance of sorting},
  author={LaMarca, Anthony and Ladner, Richard E},
  journal={Journal of Algorithms},
  volume={31},
  number={1},
  pages={66--104},
  year={1999},
  publisher={Elsevier}
}

@article{xiao2000improving,
  title={Improving memory performance of sorting algorithms},
  author={Xiao, Li and Zhang, Xiaodong and Kubricht, Stefan A},
  journal={Journal of Experimental Algorithmics (JEA)},
  volume={5},
  pages={3},
  year={2000},
  publisher={ACM}
}

@comment  Doesn't have so much use apart from the fact that has references to some of the uses and history of memoization.
@book{acar2003selective,
  title={Selective memoization},
  author={Acar, Umut A and Blelloch, Guy E and Harper, Robert},
  volume={38},
  year={2003},
  publisher={ACM}
}

@article{hall1997improving,
  title={Improving software performance with automatic memoization},
  author={Hall, Marty and McNamee, J Paul},
  journal={Johns Hopkins APL Technical Digest},
  volume={18},
  number={2},
  pages={255},
  year={1997},
  publisher={Citeseer}
}

@comment  Seminal paper on perfect hashing.
@article{sprugnoli1977perfect,
  title={Perfect hashing functions: a single probe retrieving method for static sets},
  author={Sprugnoli, Renzo},
  journal={Communications of the ACM},
  volume={20},
  number={11},
  pages={841--850},
  year={1977},
  publisher={ACM}
}

@comment  Seminal paper on universal hashing.
@article{carter1979universal,
  title={Universal classes of hash functions},
  author={Carter, J Lawrence and Wegman, Mark N},
  journal={Journal of computer and system sciences},
  volume={18},
  number={2},
  pages={143--154},
  year={1979},
  publisher={Elsevier}
}

@comment This year study on fast hashing.
@article{thorup2015high,
  title={High speed hashing for integers and strings},
  author={Thorup, Mikkel},
  journal={arXiv preprint arXiv:1504.06804v6},
  year={2019}
}

@techreport{rivest1992md5,
  title={The MD5 message-digest algorithm},
  author={Rivest, Ronald},
  year={1992}
}

@inproceedings{wang2005break,
  title={How to break MD5 and other hash functions},
  author={Wang, Xiaoyun and Yu, Hongbo},
  booktitle={Annual international conference on the theory and applications of cryptographic techniques},
  pages={19--35},
  year={2005},
  organization={Springer}
}

@comment Source code for the algorithm. Maybe link to wikipedia
@misc{MurMur3,
  title = {{MurMur3} MurMur3},
  howpublished = {\url{https://github.com/aappleby/smhasher/blob/master/src/MurmurHash3.cpp}},
  author={Appleby, Austin},
  note = {Accessed: 2019-05-01}
}

@comment Jesses Honours Thesis
@article{Arch2015,
  title={Sorting Many Similar Small Lists for Faster Order Independent Transparency},
  author={Archer, Jesse},
  year={2015},
  publisher={RMIT}
}

